@Comment 
@Comment Software
@Comment 

@software{hutton2020bmi-c,
  author       = {Eric Hutton and Mark Piper},
  title        = {{C Basic Model Interface (BMI) Specification}},
  year         = 2020,
  publisher    = {Zenodo},
  version      = {v2.0},
  doi          = {10.5281/zenodo.3955042},
  url          = {https://doi.org/10.5281/zenodo.3955042}
}

@software{hutton2020bmi-cxx,
  author       = {Eric Hutton and Mark Piper},
  title        = {{C++ Basic Model Interface (BMI) Specification}},
  year         = 2020,
  publisher    = {Zenodo},
  version      = {v2.0},
  doi          = {10.5281/zenodo.3955048},
  url          = {https://doi.org/10.5281/zenodo.3955048}
}

@software{hutton2020bmi-python,
  author       = {Eric Hutton and Mark Piper},
  title        = {{Python Basic Model Interface (BMI) Specification}},
  year         = 2020,
  publisher    = {Zenodo},
  version      = {v2.0},
  doi          = {10.5281/zenodo.3647555},
  url          = {https://doi.org/10.5281/zenodo.3647555}
}

@software{hutton2020python,
  author       = {Eric Hutton and Mark Piper},
  title        = {{The Python Modeling Toolkit}},
  year         = 2020,
  publisher    = {Zenodo},
  version      = {v1.1},
  doi          = {10.5281/zenodo.3644239},
  url          = {https://doi.org/10.5281/zenodo.3644239}
}

@software{hutton2020bmi,
  author       = {Eric Hutton and Mark Piper and Gregory Tucker},
  title        = {{Basic Model Interface}},
  year         = 2020,
  publisher    = {Zenodo},
  version      = {v2.0},
  doi          = {10.5281/zenodo.3955010},
  url          = {https://doi.org/10.5281/zenodo.3955010}
}

@software{piper2018permafrost,
  author       = {Mark Piper},
  title        = {{The Permafrost Benchmark System}},
  year         = 2018,
  publisher    = {Zenodo},
  version      = {v1.0},
  doi          = {10.5281/zenodo.1410621},
  url          = {https://doi.org/10.5281/zenodo.1410621}
}

@software{piper2020bmi-fortran,
  author       = {Mark Piper},
  title        = {{Fortran Basic Model Interface (BMI) Specification}},
  year         = 2020,
  publisher    = {Zenodo},
  version      = {v2.0},
  doi          = {10.5281/zenodo.3637641},
  url          = {https://doi.org/10.5281/zenodo.3637641}
}

@software{piper2020espin,
  author       = {Mark Piper and Benjamin Campforts and Irina Overeem and Nicole Gasparini and Leilani Arthurs},
  title        = {{Earth Surface Processes Institute (ESPIn) Course Material}},
  year         = 2020,
  publisher    = {Zenodo},
  version      = {v1.0},
  doi          = {10.5281/zenodo.4000979},
  url          = {http://doi.org/10.5281/zenodo.4000979}
}

%% The entries below don't have DOIs.

@misc{piper2020dakotathon,
  author       = {Mark Piper},
  title        = {{Dakotathon}},
  howpublished = {\url{https://github.com/csdms/dakota}},
  note         = {v0.5},
  year         = {2019}
}

@misc{piper2018bmi-ilamb,
  author       = {Mark Piper},
  title        = {{BMI for the ILAMB benchmarking toolkit}},
  howpublished = {\url{https://github.com/permamodel/bmi-ilamb}},
  note         = {v0.1.3},
  year         = {2018}
}

@misc{piper2016wmt-client,
  author       = {Mark Piper},
  title        = {{Web Modeling Tool Client}},
  howpublished = {\url{https://github.com/csdms/wmt-client}},
  note         = {v1.1},
  year         = {2016}
}

@misc{hutton2018wmt-metadata,
  author       = {Eric Hutton and Mark Piper},
  title        = {{Web Modeling Tool Metadata}},
  howpublished = {\url{https://github.com/csdms/wmt-metadata}},
  note         = {v0.3},
  year         = {2018}
}

@misc{hutton2019wmt-exe,
  author       = {Eric Hutton and Mark Piper},
  title        = {{Web Modeling Tool Executor}},
  howpublished = {\url{https://github.com/csdms/wmt-exe}},
  note         = {v0.3},
  year         = {2019}
}

@misc{hutton2018wmt-server,
  author       = {Eric Hutton and Mark Piper},
  title        = {{Web Modeling Tool Server and API}},
  howpublished = {\url{https://github.com/csdms/wmt}},
  note         = {v1.2},
  year         = {2018}
}

@misc{piper2017wmt-selector,
  author       = {Mark Piper},
  title        = {{Web Modeling Tool Selector}},
  howpublished = {\url{https://github.com/csdms/wmt-selector}},
  note         = {v0.1},
  year         = {2017}
}

@misc{piper2019bmi-java,
  author       = {Mark Piper},
  title        = {{Java Basic Model Interface (BMI) Specification}},
  howpublished = {\url{https://github.com/csdms/bmi-java}},
  note         = {v0.2.1},
  year         = {2019}
}

@misc{piper2015viirs-software,
  author       = {Mark Piper},
  title        = {{VIIRS I-Band Cloud Mask}},
  howpublished = {\url{https://github.com/mdpiper/viirs-cloudmask}},
  note         = {v1.0},
  year         = {2015}
}

@misc{piper2014grib,
  author       = {Mark Piper},
  title        = {{IDL GRIB Helper Library}},
  howpublished = {\url{https://github.com/mdpiper/grib-helper-lib}},
  note         = {v0.1},
  year         = {2014}
}

% Piper, M., CSDMS RPM Repository, \url{https://csdms.colorado.edu/repo}.
