@Article{isprsarchives-XL-7-W3-237-2015,
AUTHOR = {Piper, M. and Bahr, T.},
TITLE = {A Rapid Cloud Mask Algorithm for Suomi NPP VIIRS Imagery EDRs},
JOURNAL = {ISPRS - International Archives of the Photogrammetry, Remote Sensing and Spatial Information Sciences},
VOLUME = {XL-7/W3},
YEAR = {2015},
PAGES = {237--242},
URL = {http://www.int-arch-photogramm-remote-sens-spatial-inf-sci.net/XL-7-W3/237/2015/},
DOI = {10.5194/isprsarchives-XL-7-W3-237-2015}
}

@article{DBLP:journals/corr/HuttonPOKS14,
  author    = {Eric W. H. Hutton and
               Mark D. Piper and
               Irina Overeem and
               Albert J. Kettner and
               James P. M. Syvitski},
  title     = {Building Sustainable Software - The {CSDMS} Approach},
  journal   = {CoRR},
  volume    = {abs/1407.4106},
  year      = {2014},
  url       = {http://arxiv.org/abs/1407.4106},
  timestamp = {Fri, 01 Aug 2014 13:50:01 +0200},
  biburl    = {http://dblp.uni-trier.de/rec/bib/journals/corr/HuttonPOKS14},
  bibsource = {dblp computer science bibliography, http://dblp.org}
}

@inproceedings{Syvitski2014,
  author    = {James P. M. Syvitski and
               Eric W. H. Hutton and
               Mark D. Piper and
               Irina Overeem and
               Albert J. Kettner and
               Scott D. Peckham},
  title     = {Plug and play component modeling - the {CSDMS 2.0} approach},
  booktitle = {Proceedings of the 7th Intl. Congress on Env. Modelling and Software},
  organization = {International Environmental Modelling and Software Society (iEMSs)},
  editor    = {Ames D.P., Quinn N.W.T., Rizzoli A.E.},
  address   = {San Diego, CA},
  year      = 2014
}

@article{Piper2012a,
  author={M. Piper},
  title={Working with {Suomi} {NPP} {VIIRS} Data in {ENVI} and {IDL}},
  journal={The Earth Observer},
  volume=24,
  pages={22-23},
  organization={NASA},
  year=2012
}

@manual{Piper2011,
  author={M. Piper},
  title={Application Development with {IDL}},
  institution={ITT Visual Information Solutions},
  address={Boulder, CO},
  year=2011
}

@manual{Piper2010b,
  author={M. Piper},
  title={Scientific Programming with {IDL}},
  institution={ITT Visual Information Solutions},
  address={Boulder, CO},
  year=2010
}

@manual{Piper2010a,
  author={M. Piper},
  title={Introduction to {IDL}},
  institution={ITT Visual Information Solutions},
  address={Boulder, CO},
  year=2010
}

@manual{Piper2008,
  author={M. Piper},
  title={Extending {ENVI} with {IDL}},
  institution={ITT Visual Information Solutions},
  address={Boulder, CO},
  year=2008
}

@manual{Piper2005,
  author={M. Piper},
  title={Medical Image Processing with {IDL}},
  institution={Research Systems, Inc.},
  address={Boulder, CO},
  year=2005
}

@article{Piper2004,
  author={M. Piper and J.K. Lundquist},
  title={Surface-layer turbulence measurements during a frontal passage},
  journal={J. Atmos. Sci.},
  volume=61,
  pages={1768-1780},
  year=2004}

@manual{Galloy2002,
  author={M. Galloy and M. Piper},
  title={Advanced Topics in {IDL}},
  ogranization={Research Systems, Inc.},
  address={Boulder, CO},
  year=2002
}

@phdthesis{Piper2001,
  author={M. Piper},
  title={The effects of a frontal passage on fine-scale nocturnal boundary layer turbulence},
  school={University of Colorado},
  address={Boulder, CO},
  year=2001
}

@manual{Piper2000,
  author={M. Piper},
  title={Signal Processing with {IDL}},
  institution={Research Systems, Inc.},
  year=2000
}

@article{Blumen1999a,
  author={W. Blumen and M. Piper},
  title={The frontal width problem},
  journal={J. Atmos. Sci.},
  volume=56,
  pages={3167-3172},
  year=1999}

@article{Blumen1999b,
  author={W. Blumen and and R.L. Grossman and M. Piper},
  title={Analysis of heat budget, dissipation and frontogenesis in a shallow density current},
  journal={Bound.-Layer Meteorol.},
  volume=91,
  pages={281-306},
  year=1999}

@article{Piper1995,
  author={M. Piper and J.C. Wyngaard and W.H. Synder and R.E. Lawson, Jr.},
  title={Top-down, bottom-up diffusion experiments in a water convection tank},
  journal={J. Atmos. Sci.},
  volume=52,
  pages={3607-3619},
  year=1995}

@mastersthesis{Piper1994,
  author={M. Piper},
  title={Top-down, bottom-up diffusion experiments in a water convection tank},
  school={Pennsylvania State University},
  address={University Park, PA},
  year=1994
}
